<record><leader>00000cas a2200000 a 4500</leader><controlfield tag="001">12621560</controlfield><controlfield tag="008">851001d18851887ksuwr ne      0    0eng d</controlfield><datafield ind1=" " ind2=" " tag="010"><subfield code="a">sn 85030817 </subfield></datafield><datafield ind1=" " ind2=" " tag="040"><subfield code="a">KSH</subfield><subfield code="b">eng</subfield><subfield code="c">KSH</subfield><subfield code="d">NPT</subfield><subfield code="d">OCL</subfield><subfield code="d">OCLCQ</subfield></datafield><datafield ind1=" " ind2=" " tag="042"><subfield code="a">msc</subfield></datafield><datafield ind1="0" ind2="4" tag="245"><subfield code="a">The New Tecumseh.</subfield></datafield><datafield ind1=" " ind2=" " tag="260"><subfield code="a">Gandy, Kan. :</subfield><subfield code="b">Gird &amp; Bissell,</subfield><subfield code="c">1885-1887.</subfield></datafield><datafield ind1=" " ind2=" " tag="300"><subfield code="a">2 v. ;</subfield><subfield code="c">55 cm.</subfield></datafield><datafield ind1=" " ind2=" " tag="310"><subfield code="a">Weekly</subfield></datafield><datafield ind1="0" ind2=" " tag="362"><subfield code="a">Vol. 1, no. 1 (Nov. 9 [i.e. 11, 1885])-v. 2, no. 15 (Mar. 29 [i.e. 31], 1887).</subfield></datafield><datafield ind1=" " ind2=" " tag="500"><subfield code="a">Published in Leonard, Kan., Mar. 19-Aug. 13, 1886; in Itasca, Kan., Aug. 20-Nov. 5, 1886; in Eustis, Kan., Nov. 12, 1886-Mar. 31, 1887.</subfield></datafield><datafield ind1=" " ind2=" " tag="500"><subfield code="a">Publisher varies.</subfield></datafield><datafield ind1=" " ind2=" " tag="752"><subfield code="a">United States</subfield><subfield code="b">Kansas</subfield><subfield code="c">Sherman</subfield><subfield code="d">Gandy.</subfield></datafield><datafield ind1=" " ind2=" " tag="752"><subfield code="a">United States</subfield><subfield code="b">Kansas</subfield><subfield code="c">Sherman</subfield><subfield code="d">Leonard.</subfield></datafield><datafield ind1=" " ind2=" " tag="752"><subfield code="a">United States</subfield><subfield code="b">Kansas</subfield><subfield code="c">Sherman</subfield><subfield code="d">Itasca.</subfield></datafield><datafield ind1=" " ind2=" " tag="752"><subfield code="a">United States</subfield><subfield code="b">Kansas</subfield><subfield code="c">Sherman</subfield><subfield code="d">Eustis.</subfield></datafield><datafield ind1="0" ind2="0" tag="785"><subfield code="t">Sherman County democrat</subfield><subfield code="w">(DLC)sn 85030816</subfield></datafield><datafield ind1="1" ind2=" " tag="029"><subfield code="a">AU@</subfield><subfield code="b">000022173036</subfield></datafield></record>